@conference{rasdaman:intropaper,
  author       = {Peter Baumann and Andreas Dehmel and Paula Furtado and Roland Ritsch and Norbert Widmann}, 
  title        = {The Multidimensional Database System RasDaMan},
  booktitle    = {Proceedings ACM SIGMOD'98},
  year         = 1998,
  month        = 6,
  address      = {Seattle, Washington, USA}
}

@online{rasdaman:website,
  author = {rasdaman {GmbH}},
  title = {the rasdaman raster array database -- rasdaman},
  year = 2016,
  url = {http://www.rasdaman.org/},
  urldate = {2016-05-27}
}

@online{hbp:website, 
  author = {Human Brain Project}, 
  title = {The Human Brain Project}, 
  year = 2016, 
  url = {https://www.humanbrainproject.eu/},
  urldate = {2016-05-27}
}

@online{eudat:website, 
  author = {EUDAT}, 
  title = {EUDAT - Research Data Services, Expertise \& Technology Solutions}, 
  year = 2016, 
  url = {https://www.eudat.eu/},
  urldate = {2016-05-27}
}

@online{SPMAnatomyToolbox:website, 
  author = {Forschungszentrum JÃ¼lich}, 
  title = {SPM Anatomy toolbox}, 
  year = 2016, 
  url = {http://www.fz-juelich.de/inm/inm-1/EN/Forschung/_docs/SPMAnatomyToolbox/SPMAnatomyToolbox_node.html},
  urldate = {2016-05-27}
}

@online{HDF5:website, 
  author = {The HDF Group}, 
  title = {HDF5}, 
  year = 2016, 
  url = {https://www.hdfgroup.org/HDF5/},
  urldate = {2016-05-27}
}

@online{hbp:atlasviewer, 
  author = {Human Brain Project}, 
  title = {Atlas Viewer}, 
  year = 2016, 
  url = {https://nip.humanbrainproject.eu/atlas/},
  urldate = {2016-05-27}
}

@misc{BBIC:about,
  title = "The {BBIC} data format",
  author = "Huanxiang Lu",
  howpublished = "private communication"
}

@misc{BBIC:dev,
  title = "The {BBIC} developers",
  author = "Huanxiang Lu",
  howpublished = "private communication"
}


